<record><leader>00000cas a2200000   4500</leader><controlfield tag="001">5213006</controlfield><controlfield tag="008">790726d19uu1979miuwr ne      0   a0eng d</controlfield><controlfield tag="009">467</controlfield><datafield ind1=" " ind2=" " tag="010"><subfield code="a">sn 79000718 </subfield></datafield><datafield ind1=" " ind2=" " tag="040"><subfield code="a">NSD</subfield><subfield code="b">eng</subfield><subfield code="c">NSD</subfield><subfield code="d">OCL</subfield><subfield code="d">OCLCQ</subfield></datafield><datafield ind1=" " ind2=" " tag="012"><subfield code="j">0</subfield><subfield code="k">1</subfield><subfield code="m">c</subfield></datafield><datafield ind1="1" ind2=" " tag="022"><subfield code="a">0195-0177</subfield><subfield code="l">0195-0177</subfield><subfield code="y">0195-0174</subfield><subfield code="2">1</subfield></datafield><datafield ind1=" " ind2=" " tag="032"><subfield code="a">486070</subfield><subfield code="b">USPS</subfield></datafield><datafield ind1=" " ind2=" " tag="042"><subfield code="a">nsdp</subfield></datafield><datafield ind1=" " ind2="0" tag="222"><subfield code="a">Wyandotte times-herald</subfield></datafield><datafield ind1="0" ind2="0" tag="245"><subfield code="a">Wyandotte times-herald.</subfield></datafield><datafield ind1="3" ind2=" " tag="246"><subfield code="a">Wyandotte times herald</subfield></datafield><datafield ind1=" " ind2=" " tag="260"><subfield code="a">Wyandotte, Mich.,</subfield><subfield code="b">Suburban Times-Herald Newspapers.</subfield></datafield><datafield ind1="0" ind2="0" tag="785"><subfield code="t">Times-herald</subfield><subfield code="c">(Wyandotte)</subfield><subfield code="x">0199-1906</subfield></datafield><datafield ind1=" " ind2=" " tag="936"><subfield code="a">July 13, 1979</subfield></datafield></record>